@article{Samagaio,
author = {Samagaio, Alvaro and Siebert, Paul},
title = {An investigation of deep visual architectures based on preprocess using the retinal transform},
year = {2020}
}

@article{pytorch,
title = {PyTorch: An Imperative Style, High-Performance Deep Learning Library},
author = {Paszke, Adam and Gross, Sam and Massa, Francisco and Lerer, Adam and Bradbury, James and Chanan, Gregory and Killeen, Trevor and Lin, Zeming and Gimelshein, Natalia and Antiga, Luca and Desmaison, Alban and Kopf, Andreas and Yang, Edward and DeVito, Zachary and Raison, Martin and Tejani, Alykhan and Chilamkurthy, Sasank and Steiner, Benoit and Fang, Lu and Bai, Junjie and Chintala, Soumith},
booktitle = {Advances in Neural Information Processing Systems 32},
editor = {H. Wallach and H. Larochelle and A. Beygelzimer and F. d\textquotesingle Alch\'{e}-Buc and E. Fox and R. Garnett},
pages = {8024--8035},
year = {2019},
publisher = {Curran Associates, Inc.},
}

@article{classimb,
  author    = {Mateusz Buda and
               Atsuto Maki and
               Maciej A. Mazurowski},
  title     = {A systematic study of the class imbalance problem in convolutional
               neural networks},
  journal   = {CoRR},
  volume    = {abs/1710.05381},
  year      = {2017},
  archivePrefix = {arXiv},
  eprint    = {1710.05381},
  timestamp = {Mon, 13 Aug 2018 16:47:52 +0200},
  biburl    = {https://dblp.org/rec/journals/corr/abs-1710-05381.bib},
  bibsource = {dblp computer science bibliography, https://dblp.org}
  }

@article{convnets,
title = {ImageNet Classification with Deep Convolutional Neural Networks},
author = {Alex Krizhevsky and Sutskever, Ilya and Hinton, Geoffrey E},
booktitle = {Advances in Neural Information Processing Systems 25},
editor = {F. Pereira and C. J. C. Burges and L. Bottou and K. Q. Weinberger},
pages = {1097--1105},
year = {2012},
publisher = {Curran Associates, Inc.},
}

@article{CIFAR,
author = {Krizhevsky, Alex},
year = {2012},
month = {05},
pages = {},
title = {Learning Multiple Layers of Features from Tiny Images},
journal = {University of Toronto}
}

@article{dropout,
  author  = {Nitish Srivastava and Geoffrey Hinton and Alex Krizhevsky and Ilya Sutskever and Ruslan Salakhutdinov},
  title   = {Dropout: A Simple Way to Prevent Neural Networks from Overfitting},
  journal = {Journal of Machine Learning Research},
  year    = {2014},
  volume  = {15},
  number  = {56},
  pages   = {1929-1958},
  url     = {http://jmlr.org/papers/v15/srivastava14a.html}
}

@article{batchnorm,
  author    = {Sergey Ioffe and
               Christian Szegedy},
  title     = {Batch Normalization: Accelerating Deep Network Training by Reducing
               Internal Covariate Shift},
  journal   = {CoRR},
  volume    = {abs/1502.03167},
  year      = {2015},
  url       = {http://arxiv.org/abs/1502.03167},
  archivePrefix = {arXiv},
  eprint    = {1502.03167},
  timestamp = {Mon, 13 Aug 2018 16:47:06 +0200},
  biburl    = {https://dblp.org/rec/journals/corr/IoffeS15.bib},
  bibsource = {dblp computer science bibliography, https://dblp.org}
}

@article{GPU,
  title={Large-scale deep unsupervised learning using graphics processors},
  author={Rajat Raina and Anand Madhavan and Andrew Y. Ng},
  booktitle={ICML '09},
  year={2009}
}

@article{denoising,
  author = {Vincent, P. and Larochelle, H. and Bengio, Y. and Manzagol, P.-A.},
  booktitle = {International Conference on Machine Learning proceedings},
  title = {Extracting and composing robust features with denoising autoencoders},
  year = 2008
}

@book{deeplearning,
    title={Deep Learning},
    author={Ian Goodfellow and Yoshua Bengio and Aaron Courville},
    publisher={MIT Press},
    note={\url{http://www.deeplearningbook.org}},
    year={2016}
}

@article{feedbackcon,
  author = {Felleman, D. J. and Essen, D. C. Van},
  description = {CCNLab BibTeX},
  interhash = {2673db942b6c64e7d9bfd526bd6cea1e},
  intrahash = {22abd7094912605cf8c7ec84f4a16fa5},
  journal = {Cerebral Cortex},
  keywords = {vis},
  pages = {1-47},
  timestamp = {2008-09-16T23:39:57.000+0200},
  title = {Distributed Hierarchical Processing in the Primate Cerebral Cortex},
  volume = 1,
  year = 1991
}

@article{adam,
  added-at = {2020-01-17T03:14:27.000+0100},
  author = {Kingma, Diederik P. and Ba, Jimmy},
  biburl = {https://www.bibsonomy.org/bibtex/2d53bcfff0fe1a1d3a4a171352ee6e92c/simon_diener},
  interhash = {57d2ac873f398f21bb94790081e80394},
  intrahash = {d53bcfff0fe1a1d3a4a171352ee6e92c},
  keywords = {final thema:neural_attentional_rating_regression},
  note = {cite arxiv:1412.6980Comment: Published as a conference paper at the 3rd International Conference  for Learning Representations, San Diego, 2015},
  timestamp = {2020-01-17T03:14:27.000+0100},
  title = {Adam: A Method for Stochastic Optimization},
  url = {http://arxiv.org/abs/1412.6980},
  year = 2014
}

@article{SGD,
  added-at = {2008-10-07T16:03:39.000+0200},
  author = {Robbins, H. and Monro, S.},
  biburl = {https://www.bibsonomy.org/bibtex/2cc1b9aa8927ac4952e93f34094a3eaaf/brefeld},
  interhash = {93d54534a08c30eda9e34d1def03ffa3},
  intrahash = {cc1b9aa8927ac4952e93f34094a3eaaf},
  journal = {Annals of Mathematical Statistics},
  keywords = {imported},
  pages = {400-407},
  timestamp = {2008-10-07T16:03:40.000+0200},
  title = {A stochastic approximation method},
  volume = 22,
  year = 1951
}

@article{transfer,
    author = {Lisa Torrey and Jude Shavlik},
    title = {Transfer Learning},
    year = {2009}
}

@article{deeppcn,
  author    = {Haiguang Wen and
               Kuan Han and
               Junxing Shi and
               Yizhen Zhang and
               Eugenio Culurciello and
               Zhongming Liu},
  title     = {Deep Predictive Coding Network for Object Recognition},
  journal   = {CoRR},
  volume    = {abs/1802.04762},
  year      = {2018},
  url       = {http://arxiv.org/abs/1802.04762},
  archivePrefix = {arXiv},
  eprint    = {1802.04762},
  timestamp = {Mon, 13 Aug 2018 16:48:11 +0200},
  biburl    = {https://dblp.org/rec/journals/corr/abs-1802-04762.bib},
  bibsource = {dblp computer science bibliography, https://dblp.org}
}

@article{objectrec,
author = {O’Reilly, Randall and Wyatte, Dean and Herd, Seth and Mingus, Brian and Jilk, David},
year = {2013},
month = {04},
pages = {124},
title = {Recurrent Processing during Object Recognition},
volume = {4},
journal = {Frontiers in psychology},
doi = {10.3389/fpsyg.2013.00124}
}

@article{cognitive,
author = {Logothetis, Nikos K. and Sheinberg, David L.},
title = {Visual Object Recognition},
journal = {Annual Review of Neuroscience},
volume = {19},
number = {1},
pages = {577-621},
year = {1996},
doi = {10.1146/annurev.ne.19.030196.003045},
    note ={PMID: 8833455},
}

@article{predcod,
author = {Rao, Rajesh and Ballard, Dana},
year = {1999},
month = {02},
pages = {79-87},
title = {Predictive Coding in the Visual Cortex: a Functional Interpretation of Some Extra-classical Receptive-field Effects},
volume = {2},
journal = {Nature neuroscience},
doi = {10.1038/4580}
}

@article{maxpool,
  author    = {Kouichi Yamaguchi and
               Kenji Sakamoto and
               Toshio Akabane and
               Yoshiji Fujimoto},
  title     = {A neural network for speaker-independent isolated word recognition},
  year      = {1990},
  url       = {http://www.isca-speech.org/archive/icslp\_1990/i90\_1077.html},
  timestamp = {Mon, 11 Apr 2011 08:58:54 +0200},
  biburl    = {https://dblp.org/rec/conf/interspeech/YamaguchiSAF90.bib},
}

@article{activations,
    title={Empirical Evaluation of Rectified Activations in Convolutional Network},
    author={Bing Xu and Naiyan Wang and Tianqi Chen and Mu Li},
    year={2015},
    eprint={1505.00853},
    archivePrefix={arXiv},
    primaryClass={cs.LG}
}

@article{svhn,
author = {Netzer, Yuval and Wang, Tao and Coates, Adam and Bissacco, Alessandro and Wu, Bo and Ng, Andrew},
year = {2011},
month = {01},
pages = {},
title = {Reading Digits in Natural Images with Unsupervised Feature Learning},
journal = {NIPS}
}

@article{feedbackrnn,
AUTHOR={Spoerer, Courtney J. and McClure, Patrick and Kriegeskorte, Nikolaus},
TITLE={Recurrent Convolutional Neural Networks: A Better Model of Biological Object Recognition},      
JOURNAL={Frontiers in Psychology},      
VOLUME={8},      
PAGES={1551},     
YEAR={2017},      
URL={https://www.frontiersin.org/article/10.3389/fpsyg.2017.01551}, 
DOI={10.3389/fpsyg.2017.01551},      
ISSN={1664-1078},   
}

@article{recurrent,
  author    = {Alex Sherstinsky},
  title     = {Fundamentals of Recurrent Neural Network {(RNN)} and Long Short-Term
               Memory {(LSTM)} Network},
  journal   = {CoRR},
  volume    = {abs/1808.03314},
  year      = {2018},
  url       = {http://arxiv.org/abs/1808.03314},
  archivePrefix = {arXiv},
  eprint    = {1808.03314},
  timestamp = {Sun, 02 Sep 2018 15:01:55 +0200},
  biburl    = {https://dblp.org/rec/journals/corr/abs-1808-03314.bib},
  bibsource = {dblp computer science bibliography, https://dblp.org}
}

@manual{rnngraph,
    title  = "Recurrent Neural Networks Tutorial, Part 1 – Introduction to RNNs",
    author = "Denny Britz",
    url    = "http://www.wildml.com/2015/09/recurrent-neural-networks-tutorial-part-1-introduction-to-rnns/",
    year   = "2017",
    note = {accessed on 22/03/2020}
    }

@manual{optimoverview,
    title  = "An overview of gradient descent optimization algorithms",
    author = "Sebastian Ruder",
    url    = "https://ruder.io/optimizing-gradient-descent/index.html",
    year   = "2016",
    note = {accessed on 23/03/2020}
    }
    
@article{relu,
  title={Digital selection and analogue amplification coexist in a cortex-inspired silicon circuit},
  author={Richard H. R. Hahnloser and Rahul Sarpeshkar and Misha A. Mahowald and Rodney J. Douglas and H. Sebastian Seung},
  journal={Nature},
  year={2000},
  volume={405},
  pages={947-951}
}

@article{dyingrelu,
    title={Dying ReLU and Initialization: Theory and Numerical Examples},
    author={Lu Lu and Yeonjong Shin and Yanhui Su and George Em Karniadakis},
    year={2019},
    eprint={1903.06733},
    archivePrefix={arXiv},
    primaryClass={stat.ML}
}

@article{leakyrelu,
  title={Rectifier Nonlinearities Improve Neural Network Acoustic Models},
  author={Andrew L. Maas},
  year={2013}
}

@article{cam,
  author    = {Bolei Zhou and
               Aditya Khosla and
               {\`{A}}gata Lapedriza and
               Aude Oliva and
               Antonio Torralba},
  title     = {Learning Deep Features for Discriminative Localization},
  journal   = {CoRR},
  year      = {2015},
  url       = {http://arxiv.org/abs/1512.04150},
  archivePrefix = {arXiv},
  eprint    = {1512.04150},
  timestamp = {Mon, 13 Aug 2018 16:47:46 +0200},
  biburl    = {https://dblp.org/rec/journals/corr/ZhouKLOT15.bib},
  bibsource = {dblp computer science bibliography, https://dblp.org}
}

@article{VQA,
  author    = {Stanislaw Antol and
               Aishwarya Agrawal and
               Jiasen Lu and
               Margaret Mitchell and
               Dhruv Batra and
               C. Lawrence Zitnick and
               Devi Parikh},
  title     = {{VQA:} Visual Question Answering},
  journal   = {CoRR},
  volume    = {abs/1505.00468},
  year      = {2015},
  url       = {http://arxiv.org/abs/1505.00468},
  archivePrefix = {arXiv},
  eprint    = {1505.00468},
  timestamp = {Mon, 13 Aug 2018 16:48:30 +0200},
  biburl    = {https://dblp.org/rec/journals/corr/AntolALMBZP15.bib},
  bibsource = {dblp computer science bibliography, https://dblp.org}
}

@article{gradcam,
  author    = {Ramprasaath R. Selvaraju and
               Abhishek Das and
               Ramakrishna Vedantam and
               Michael Cogswell and
               Devi Parikh and
               Dhruv Batra},
  title     = {Grad-CAM: Why did you say that? Visual Explanations from Deep Networks
               via Gradient-based Localization},
  journal   = {CoRR},
  volume    = {abs/1610.02391},
  year      = {2016},
  url       = {http://arxiv.org/abs/1610.02391},
  archivePrefix = {arXiv},
  eprint    = {1610.02391},
  timestamp = {Mon, 13 Aug 2018 16:46:58 +0200},
  biburl    = {https://dblp.org/rec/journals/corr/SelvarajuDVCPB16.bib},
  bibsource = {dblp computer science bibliography, https://dblp.org}
}

@article{gap,
author = {Lin, Min and Chen, Qiang and Yan, Shuicheng},
year = {2013},
month = {12},
pages = {},
title = {Network In Network}
}

@article{rnn, author={R. J. {Williams} and D. {Zipser}}, journal={Neural Computation}, title={A Learning Algorithm for Continually Running Fully Recurrent Neural Networks}, year={1989}, volume={1}, number={2}, pages={270-280},}

@article{scikit-learn,
 title={{Scikit-learn: Machine Learning in Python }},
 author={Pedregosa, F. and Varoquaux, G. and Gramfort, A. and Michel, V.
         and Thirion, B. and Grisel, O. and Blondel, M. and Prettenhofer, P.
         and Weiss, R. and Dubourg, V. and Vanderplas, J. and Passos, A. and
         Cournapeau, D. and Brucher, M. and Perrot, M. and Duchesnay, E.},
 journal={Journal of Machine Learning Research},
 volume={12},
 pages={2825--2830},
 year={2011}
}

@Article{matplotlib,
  Author    = {Hunter, J. D.},
  Title     = {Matplotlib: A 2D graphics environment},
  Journal   = {Computing in Science \& Engineering},
  Volume    = {9},
  Number    = {3},
  Pages     = {90--95},
  abstract  = {Matplotlib is a 2D graphics package used for Python for
  application development, interactive scripting, and publication-quality
  image generation across user interfaces and operating systems.},
  publisher = {IEEE COMPUTER SOC},
  doi       = {10.1109/MCSE.2007.55},
  year      = 2007
}

@article{dasnet,
archivePrefix = {arXiv},
arxivId = {1407.3068},
author = {Stollenga, Marijn F. and Masci, Jonathan and Gomez, Faustino and Schmidhuber, Juergen},
eprint = {1407.3068},
file = {:D$\backslash$:/University/Honours Level/Level 4 Project/Papers/Deep Networks with Internal Selective Attention through Feedback Connections.pdf:pdf},
issn = {10495258},
journal = {Advances in Neural Information Processing Systems},
number = {January},
pages = {3545--3553},
title = {{Deep networks with internal selective attention through feedback connections}},
volume = {4},
year = {2014}
}

@article{SNES,
author = {Schaul, Tom and Glasmachers, Tobias and Schmidhuber, J\"{u}rgen},
title = {High Dimensions and Heavy Tails for Natural Evolution Strategies},
year = {2011},
isbn = {9781450305570},
publisher = {Association for Computing Machinery},
address = {New York, NY, USA},
url = {https://doi.org/10.1145/2001576.2001692},
doi = {10.1145/2001576.2001692},
booktitle = {Proceedings of the 13th Annual Conference on Genetic and Evolutionary Computation},
pages = {845–852},
numpages = {8},
keywords = {natural gradient, black-box optimization, global optimization, evolution strategies},
location = {Dublin, Ireland},
series = {GECCO ’11}
}

@article{feedbackcurriculum,
archivePrefix = {arXiv},
arxivId = {1612.09508},
author = {Zamir, Amir R. and Wu, Te Lin and Sun, Lin and Shen, William B. and Shi, Bertram E. and Malik, Jitendra and Savarese, Silvio},
doi = {10.1109/CVPR.2017.196},
eprint = {1612.09508},
file = {:D$\backslash$:/University/Honours Level/Level 4 Project/Papers/Feedback Networks.pdf:pdf},
isbn = {9781538604571},
issn = {01708643},
journal = {Proceedings - 30th IEEE Conference on Computer Vision and Pattern Recognition, CVPR 2017},
pages = {1808--1817},
title = {{Feedback networks}},
volume = {2017-Janua},
year = {2017}
}

@article{curriculum,
author = {Bengio, Yoshua and Louradour, J\'{e}r\^{o}me and Collobert, Ronan and Weston, Jason},
title = {Curriculum Learning},
year = {2009},
isbn = {9781605585161},
publisher = {Association for Computing Machinery},
address = {New York, NY, USA},
url = {https://doi.org/10.1145/1553374.1553380},
doi = {10.1145/1553374.1553380},
booktitle = {Proceedings of the 26th Annual International Conference on Machine Learning},
pages = {41–48},
numpages = {8},
location = {Montreal, Quebec, Canada},
series = {ICML ’09}
}

@article{thinktwice,
author = {Cao, Chunshui and Liu, Xianming and Yang, Yi and Yu, Yinan and Wang, Jiang and Wang, Zilei},
journal = {Proceedings of the IEEE International Conference on Computer Vision},
pages = {2956--2964},
title = {{Look and Think Twice : Capturing Top-Down Visual Attention with Feedback Convolutional Networks}},
year = {2015}
}

@article{rethinking,
archivePrefix = {arXiv},
arxivId = {1708.04483},
author = {Li, Xin and Jie, Zequn and Feng, Jiashi and Liu, Changsong and Yan, Shuicheng},
doi = {10.1016/j.patcog.2018.01.015},
eprint = {1708.04483},
issn = {00313203},
journal = {Pattern Recognition},
keywords = {Convolutional neural network,Deep learning,Image classification},
pages = {183--194},
title = {{Learning with rethinking: Recurrently improving convolutional neural networks through feedback}},
volume = {79},
year = {2018}
}

@misc{resnet,
    title={Deep Residual Learning for Image Recognition},
    author={Kaiming He and Xiangyu Zhang and Shaoqing Ren and Jian Sun},
    year={2015},
    eprint={1512.03385},
    archivePrefix={arXiv},
    primaryClass={cs.CV}
}

@misc{vgg,
    title={Very Deep Convolutional Networks for Large-Scale Image Recognition},
    author={Karen Simonyan and Andrew Zisserman},
    year={2014},
    eprint={1409.1556},
    archivePrefix={arXiv},
    primaryClass={cs.CV}
}

@article{picanet,
  author    = {Nian Liu and
               Junwei Han},
  title     = {PiCANet: Learning Pixel-wise Contextual Attention in ConvNets and
               Its Application in Saliency Detection},
  journal   = {CoRR},
  volume    = {abs/1708.06433},
  year      = {2017},
  url       = {http://arxiv.org/abs/1708.06433},
  archivePrefix = {arXiv},
  eprint    = {1708.06433},
  timestamp = {Mon, 13 Aug 2018 16:46:27 +0200},
  biburl    = {https://dblp.org/rec/journals/corr/abs-1708-06433.bib},
  bibsource = {dblp computer science bibliography, https://dblp.org}
}

@article{imagetransl,
  author    = {Youssef A. Mejjati and
               Christian Richardt and
               James Tompkin and
               Darren Cosker and
               Kwang In Kim},
  title     = {Unsupervised Attention-guided Image to Image Translation},
  journal   = {CoRR},
  volume    = {abs/1806.02311},
  year      = {2018},
  url       = {http://arxiv.org/abs/1806.02311},
  archivePrefix = {arXiv},
  eprint    = {1806.02311},
  timestamp = {Mon, 13 Aug 2018 16:48:17 +0200},
  biburl    = {https://dblp.org/rec/journals/corr/abs-1806-02311.bib},
  bibsource = {dblp computer science bibliography, https://dblp.org}
}

@article{cyclegan,
  author    = {Jun{-}Yan Zhu and
               Taesung Park and
               Phillip Isola and
               Alexei A. Efros},
  title     = {Unpaired Image-to-Image Translation using Cycle-Consistent Adversarial
               Networks},
  journal   = {CoRR},
  volume    = {abs/1703.10593},
  year      = {2017},
  url       = {http://arxiv.org/abs/1703.10593},
  archivePrefix = {arXiv},
  eprint    = {1703.10593},
  timestamp = {Mon, 13 Aug 2018 16:48:06 +0200},
  biburl    = {https://dblp.org/rec/journals/corr/ZhuPIE17.bib},
  bibsource = {dblp computer science bibliography, https://dblp.org}
}

@article{maskrcnn,
  author    = {Kaiming He and
               Georgia Gkioxari and
               Piotr Doll{\'{a}}r and
               Ross B. Girshick},
  title     = {Mask {R-CNN}},
  journal   = {CoRR},
  volume    = {abs/1703.06870},
  year      = {2017},
  url       = {http://arxiv.org/abs/1703.06870},
  archivePrefix = {arXiv},
  eprint    = {1703.06870},
  timestamp = {Mon, 13 Aug 2018 16:46:36 +0200},
  biburl    = {https://dblp.org/rec/journals/corr/HeGDG17.bib},
  bibsource = {dblp computer science bibliography, https://dblp.org}
}

@article{lstm,
  added-at = {2016-11-15T08:49:43.000+0100},
  author = {Hochreiter, Sepp and Schmidhuber},
  biburl = {https://www.bibsonomy.org/bibtex/2a4a80026d24955b267cae636aa8abe4a/dallmann},
  interhash = {0692b471c4b9ae65d00affebc09fb467},
  intrahash = {a4a80026d24955b267cae636aa8abe4a},
  journal = {Neural computation},
  keywords = {lstm rnn},
  number = 8,
  pages = {1735--1780},
  publisher = {MIT Press},
  timestamp = {2016-11-15T08:49:43.000+0100},
  title = {Long short-term memory},
  volume = 9,
  year = 1997
}